@inproceedings{GPGPU_1,
  author={J. Fung and F. Tang and S. Mann},
  booktitle={Proceedings. Sixth International Symposium on Wearable Computers,},
  title={Mediated reality using computer graphics hardware for computer vision},
  year={2002},
  pages={83-89}
}
@online{CUDA,
  author       = "Nvidia",
  title        = "CUDA",
  howpublished = "Parallel Programming and Computing Platform",
  url          = {http://www.nvidia.com/object/cuda_home_new.html},
  urldate      = "14.05.2017",
  language     = "english"
}
@online{OpenCL,
  author       = "Khronos Group",
  title        = "OpenCL",
  howpublished = "The open standard for parallel programming of heterogeneous systems",
  url          = {http://www.khronos.org/opencl/},
  urldate      = "14.05.2017",
  language     = "english"
}
@online{AleaGPU,
  author       = "QuantAlea",
  title        = "Alea GPU",
  howpublished = "QuantAlea official page",
  url          = {http://www.quantalea.com/},
  urldate      = "14.05.2017",
  language     = "english"
}
@online{Brahma_FSharp,
  author       = "Brahma.FSharp",
  title        = "Brahma.FSharp",
  howpublished = "Brahma.FSharp official page",
  url          = {http://yaccconstructor.github.io/Brahma.FSharp/},
  urldate      = "14.05.2017",
  language     = "english"
}
@phdthesis{FSCL,
    title    = {FSCL: Homogeneous programming and execution on heterogeneous platforms},
    school   = {University of Pisa},
    author   = {Cocco, Gabriele},
    year     = {2014}
}
@online{CUSP,
  author       = "CUSP",
  title        = "CUSP",
  howpublished = "CUSP official page",
  url          = {https://cusplibrary.github.io/},
  urldate      = "14.05.2017",
  language     = "english"
}
@online{ManagedCUDA,
  author       = "ManagedCUDA",
  title        = "ManagedCUDA",
  howpublished = "ManagedCUDA official page",
  url          = {https://kunzmi.github.io/managedCuda/},
  urldate      = "14.05.2017",
  language     = "english"
}
@article{CUDA_to_OpenCL,
 author = {Du, Peng and Weber, Rick and Luszczek, Piotr and Tomov, Stanimire and Peterson, Gregory and Dongarra, Jack},
 title = {From CUDA to OpenCL: Towards a Performance-portable Solution for Multi-platform GPU Programming},
 journal = {Parallel Comput.},
 issue_date = {August, 2012},
 volume = {38},
 number = {8},
 year = {2012},
 pages = {391--407},
 acmid = {2318445},
 publisher = {Elsevier Science Publishers B. V.},
}
@article{Yacc,
  title = {Yacc: Yet Another Compiler Compiler},
  author = {Johnson, S. C.},
  journal = {Computing Science Technical Report},
  year = {1975},
  publisher = {AT&T Bell Laboratories},
}
@article{EBNF,
  title = {What Can We Do About the Unnecessary Diversity of Notation for Syntactic Definitions?},
  author = {Wirth, Niklaus},
  journal = {Commun. ACM},
  issue_date = {Nov. 1977},
  volume = {20},
  number = {11},
  year = {1977},
  pages = {822--823},
  publisher = {ACM},
}
@article{YaccConstructorPaper,
  title={Разработка синтаксических анализаторов в проектах по автоматизированному реинжинирингу информационных систем},
  author={Кириленко, ЯА and Григорьев, СВ and Авдюхин, ДА},
  journal={Научно-технические ведомости СПбГПУ: информатика, телекоммуникации, управление},
  number={174},
  pages={94--98},
  year={2013}
}
@online{YaccConstructorPage,
  author       = "YaccConstructor",
  title        = "YaccConstructor",
  howpublished = "YaccConstructor official page",
  url          = {http://yaccconstructor.github.io},
  urldate      = "14.05.2017",
  language     = "english"
}
@online{YARD,
  author       = "YaccConstructor",
  title        = "YARD",
  howpublished = "YaccConstructor official page",
  year         = 2015,
  url          = {http://yaccconstructor.github.io/YaccConstructor/yard.html},
  urldate      = "14.05.2017",
  language     = "english"
}
@online{TypeProviders,
  author       = "Microsoft Developer Network",
  title        = "Type Providers",
  year         = 2016,
  url          = {https://docs.microsoft.com/en-us/dotnet/articles/fsharp/tutorials/type-providers/},
  urldate      = "14.05.2017",
  language     = "english"
}
@online{TypeProvidersTips,
  author       = "Sergey Tihon",
  title        = "F\# Type Providers Development Tips",
  year         = 2016,
  url          = {https://sergeytihon.com/2016/07/11/f-type-providers-development-tips-not-tricks/},
  urldate      = "14.05.2017",
  language     = "english"
}
@online{ANTLR,
  author       = "ANTLR",
  title        = "Another Tool for Language Recognition",
  year         = 2014,
  url          = {http://http://www.antlr.org/},
  urldate      = "14.05.2017",
  language     = "english"
}
@online{OpenCL_C,
  author       = "Khronos Group",
  title        = "The OpenCL C Specification",
  year         = 2016,
  url          = {https://www.khronos.org/registry/OpenCL/specs/opencl-2.0-openclc.pdf},
  urldate      = "14.05.2017",
  language     = "english"
}
@online{FsLex,
  author       = "FsLexYacc",
  title        = "FsLex",
  url          = {http://fsprojects.github.io/FsLexYacc/fslex.html},
  urldate      = "14.05.2017",
  language     = "english"
}
@online{MyGEMM,
  author       = "MyGEMM",
  title        = "Code appendix to an OpenCL matrix-multiplication tutorial",
  url          = {https://github.com/CNugteren/myGEMM},
  urldate      = "14.05.2017",
  language     = "english"
}
@techreport{C99,
  type = {Standard},
  key = {ISO/IEC 9899:1999},
  year = {1999},
  title = {Programming languages – C},
  institution = {International Organization for Standardization, International Electrotechnical Commission}
}
@inproceedings{SparseMatrixMultiply,
 author = {Polok, Lukas and Ila, Viorela and Smrz, Pavel},
 title = {Fast Sparse Matrix Multiplication on GPU},
 booktitle = {Proceedings of the Symposium on High Performance Computing},
 series = {HPC '15},
 year = {2015},
 pages = {33--40},
 numpages = {8},
 url = {http://dl.acm.org/citation.cfm?id=2872599.2872604},
 publisher = {Society for Computer Simulation International},
}
