@article{chomsky1956three,
  title={Three models for the description of language},
  author={Noam, Chomsky},
  journal={IRE Transactions on information theory},
  volume={2},
  number={3},
  pages={113--124},
  year={1956},
  publisher={IEEE}
}

@article{okhotin2004boolean,
  title={Boolean grammars},
  author={Alexander, Okhotin},
  journal={Information and Computation},
  volume={194},
  number={1},
  pages={19--48},
  year={2004},
  publisher={Elsevier}
}


@misc{spiewak2010generalized,
  title={Generalized Parser Combinators},
  author={Daniel, Spiewak},
  year={2010}
}

@article{sippl1999biological,
  title={Biological sequence analysis. Probabilistic models of proteins and nucleic acids, edited by R. Durbin, S. Eddy, A. Krogh, and G. Mitchinson. 1998.},
  author={Manfred J, Sippl},
  journal={Protein Science},
  volume={8},
  number={3},
  pages={695--695},
  year={1999},
  publisher={Cambridge University Press}
}

@incollection{wotschke1973boolean,
  title={The Boolean closures of the deterministic and nondeterministic context-free languages},
  author={Detlef, Wotschke},
  booktitle={GI Gesellschaft f{\"u}r Informatik e. V.},
  pages={113--121},
  year={1973},
  publisher={Springer}
}

@article{hutton1996monadic,
  title={Monadic parser combinators},
  author={Graham, Hutton and Erik, Meijer},
  year={1996},
  publisher={School of Computer Science and IT}
}

@inproceedings{izmaylova2016practical,
  title={Practical, general parser combinators},
  author={Anastasia, Izmaylova and Ali, Afroozeh and Tijs van der, Storm},
  booktitle={Proceedings of the 2016 ACM SIGPLAN Workshop on Partial Evaluation and Program Manipulation},
  pages={1--12},
  year={2016},
  organization={ACM}
}

@article{norvig1991techniques,
  title={Techniques for automatic memoization with applications to context-free parsing},
  author={Peter, Norvig},
  journal={Computational Linguistics},
  volume={17},
  number={1},
  pages={91--98},
  year={1991},
  publisher={MIT Press}
}

@inproceedings{okhotin2002whale,
  title={Whale Calf, a parser generator for conjunctive grammars},
  author={Alexander, Okhotin},
  booktitle={International Conference on Implementation and Application of Automata},
  pages={213--220},
  year={2002},
  organization={Springer}
}

@article{okhotin2013conjunctive,
  title={Conjunctive and Boolean grammars: the true general case of the context-free grammars},
  author={Alexander, Okhotin},
  journal={Computer Science Review},
  volume={9},
  pages={27--59},
  year={2013},
  publisher={Elsevier}
}

@article{johnson1995memoization,
  title={Memoization in top-down parsing},
  author={Mark, Johnson},
  journal={Computational Linguistics},
  volume={21},
  number={3},
  pages={405--417},
  year={1995},
  publisher={MIT Press}
}

@article{macke2001rnamotif,
  title={RNAMotif, an RNA secondary structure definition and search algorithm},
  author={Thomas J, Macke and David J, Ecker and Robin R, Gutell and Daniel, Gautheret and David A, Case and Rangarajan, Sampath},
  journal={Nucleic acids research},
  volume={29},
  number={22},
  pages={4724--4735},
  year={2001},
  publisher={Oxford Univ Press}
}

@online{pc,
    title        = "parserCombinators [Электронный ресурс]",
    url          = {https://github.com/anlun/parserCombinators/ },
    urldate = {19.05.2017},
    language = "russian",
}



