@article{string_embedded,
  author    = "Semen Grigorev and Ekaterina Verbitskaia and Andrei Ivanov and Marina Polubelova and Ekaterina Mavchun",
  title     = "String-embedded language support in integrated development environment.",
  journal = "In Proceedings of the 10th Central and Eastern European Software Engineering Conference in Russia (CEE-SECR '14).",
  year      = 2014
}

@article{polubelova,
  author  =   "Марина Полубелова",
  title   =   "Лексический анализ динамически формируемых строковых выражений.",
  journal =   "Дипломная работа кафедры системного программирования СПбГУ.",
  year = "2015",
  url = {http://se.math.spbu.ru/SE/diploma/2015/bmo/444-Polubelova-report.pdf}
}


@inbook{handbook_automata,
  title      = "Handbook of Weighted Automata",
  author     = "Mehryar Mohri",
  series     = "Monographs in Theoretical Computer Science",
  url        = {http://www.cs.nyu.edu/~mohri/pub/hwa.pdf},
  year       = 2009,
  publisher  = "Springer",
  pages      = {213-254}
}

@article{yacc_article,
  author  =   "Кириленко Я.А. and Григорьев С.В. and Авдюхин Д.А.",
  title   =   "Разработка синтаксических анализаторов в проектах по автоматизированному реинжинирингу информационных систем.",
  journal =   "Дипломная работа кафедры системного программирования СПбГУ.",
  year = "2013",
  url = {http://ntv.spbstu.ru/fulltext/T3.174.2013_11.PDF}
}

@online{yacc_www,
  title        = "Сайт проекта YaccConstructor",
  url          = {http://yaccconstructor.github.io}
}

@online{yacc_git,
  title        = "Репозиторий проекта YaccConstructor",
  url          = {https://github.com/YaccConstructor/YaccConstructor}
}

@online{fslex,
  title        = "Сайт проекта FsLex",
  url          = {http://fsprojects.github.io/FsLexYacc/}
}

@online{source_text,
  title        = "Репозиторий проекта YC.Utils.SourceText",
  url          = {https://github.com/YaccConstructor/YC.Utils.SourceText}
}

@online{quick_graph,
  title        = "Сайт проекта QuickGraph",
  url          = {http://yaccconstructor.github.io/QuickGraph/}
}