@book{saturday_is_monday,
  author    = "Стругацкий, А.Н. and Стругацкий, Б.Н.",
  title     = "Понедельник начинается в субботу",
  address   = "М.",
  editor    = "Иванов",
  publisher = "Детская литература",
  year      = 1965,
  language  = "russian"
}

%%@book{maintenance,
%%  language     = "english",
%%  author       = "Alkhatib, G.",
%%  title        = "The maintenance problem of application software: an empirical analysis",
%%  publisher = "Journal of Software Maintenance, 4(2):83–104",
%%  year         = 1992
%%}

%@book{podkopaev:diploma,
%  author       = "Подкопаев, А.В.",
%  title        = "Полиномиальной сложности оптимальные принтер-комбинаторы с выбором",
%  publisher    = "Дипломная работа, кафедра системного программирования, математико-механический факультет \mbox{СПбГУ}",
%  year         = 2014,
%  language     = "russian"
%}

@book{podkopaev:coursepaper,
  author     = {Подкопаев, А.В.},
  title      = {Форматирование текста программ на основе комбинаторов, сопоставления с образцом и синтаксических шаблонов},
  year       = {2013},
  publisher  = {Курсовая работа, кафедра системного программирования, математико-механический факультет СПбГУ},
}

@book{kor:diploma,
  language     = "russian",
  author       = "Коровянский, А.Ю.",
  title        = "Абстрактная печать по абразцу",
  publisher    = "Дипломная работа, кафедра системного программирования, математико-механический факультет СПбГУ",
  year         = 2015
}

@book{paper:tbe,
  language    = "english",
  author      = "Vollebregt, T. and Lennart, C.L. Kats and Visser, E.",
  title       = "Declarative Specification of Template-Based Textual Editors",
  publisher   = "Proceedings of the Twelfth Workshop on Language Descriptions, Tools, and Applications. Article No. 8",
  year        = 2012
}

@book{paper:modelica,
  language    = "english",
  author      = "Peter Fritzson and Pavol Privitzer and Martin Sjölund and Adrian Pop",
  title       = "Towards a Text Generation Template Language for Modelica",
  publisher   = "Proceedings of the 7th International Modelica Conference",
  year        = 2009
}

@book{paper:while,
  language   = "russian",
  author     = "Подкопаев, А.В. and Коровянский, А.Ю. and Озерных, И.С.",
  title      = "Языконезависимое форматирование текстов программ на основе сопоставления с образцом и синтаксических шаблонов",
  publisher  = "Научно-технические ведомости СПбГПУ 4' (224)",
  year       = 2015
}

@online{wiki:lcd,
  author       = "Wikipedia",
  title        = "Наибольший общий делитель",
  howpublished = "Википедия, свободная энциклопедия",
  year         = 2012,
  url          = {http://goo.gl/1eEF3},
  urldate      = "08.04.2013",
  language     = "russian"
}

@online{blog:genformat,
  language     = "english",
  author       = "A. Utkin and R. Shein and A. Kazakova",   
  title        = "Applying Genetic Algorithms to Automatic Code Formatting",
  url          = "https://blog.jetbrains.com/clion/2015/11/applying-genetic-algorithms-to-automatic-code-formatting/",
  urldate      = "09.05.2016"
}


@book{paper:asf-sdf,
  author       = "M.G.J., van den Brand and Visser, E.",
  title        = "Generation of Formatters for Context-free Languages",
  publisher    = "ACM Trans. Softw. Eng. Meth. 5, 1, p1-41",
  year         = 1996
}

@book{paper:klint,
  author       = "Klint, P.",
  title        = "A Meta-environment for Generating Programming Environments",
  publisher    = "ACM Trans. Softw. Eng. Meth. 2, 2, p176-201",
  year         = 1993
}

@book{book:ulman,
  language     = "russian",
  author       = "Хопкрофт, Д. and Мотвани, Р. and Ульман, Д.",
  title        = "Введение в теорию автоматов, языков и вычислений, 2-е изд. : Пер. с англ.",
  publisher    = "Москва, Издательский дом «Вильямс»",
  year         = 2002
}

%@online{ifmo:chain,
%http://neerc.ifmo.ru/wiki/index.php?title=Удаление_цепных_правил_из_грамматики
%}

@book{paper:sformatters,
  author       = "F., Corbo and C., Del Grosso and M., Di Penta",
  title        = "Smart Formatter: Learning Coding Style from Existing Source Code",
  publisher    = "ICSM",
  year         = 2007
}

@book{paper:ppcomb,
    author      = "Podkopaev, A. and Boulytchev, D.",
    title       = "Polynomial-Time Optimal Pretty-Printing Combinators with Choice",
    publisher   = "Proceedings of 9th International Andrei Ershov Memorial Conference on Perspectives of System Informatics",
    year        = 2014
}

@book{paper:nielson,
  author    = "Nielson, F. and Nielson, H.R. and Hankin, C.",
  title     = "Principles of Program Analysis",
  publisher = "Springer-Verlag New York Inc.",
  year      = 1999
}

%@online{podkopaev:coursepaper,
%  language     = "russian",
%  author       = "Подкопаев, А.В.",
%  title        = "Полиномиальной сложности оптимальные принтер-комбинаторы с выбором",
%  howpublished = "Дипломная работа, кафедра системного программирования, математико-механический факультет СПбГУ",
%  year         = 2014,
%  url          = {http://se.math.spbu.ru/SE/diploma/2014/s/Podkopaev_Diploma.pdf},
%  urldate      = "17.12.2015"
%}

%@online{kor:diploma,
%  language     = "russian",
%  author       = "Коровянский, А.Ю.",
%  title        = "Абстрактная печать по абразцу",
%  howpublished = "Дипломная работа, кафедра системного программирования, математико-механический факультет СПбГУ",
%  year         = 2015,
%  url          = {http://se.math.spbu.ru/SE/diploma/2015/bmo/444-Korovianskii-report.pdf}
%  urldate      = "17.12.2015"
%}



