@article{Rendel,
    author  = "Rendel T. and Ostermann K.",
    title   = "Invertible syntax descriptions: Unifying parsing and pretty printing.",
    year    = "2010",
    journal = "Haskell 2010: Proceedings of the 2010 ACM SIGPLAN Haskell
Symposium",
    volume  = "",
    number  = "",
    pages   = "1-12"
}

@article{Matsuda,
    author  = "Matsuda K. and Wang M.",
    title   = "FliPpr: A Prettier Invertible Printing System.",
    year    = "2013",
    journal = "ESOP 2013: 22nd European Symposium on Programming",
    volume  = "",
    number  = "",
    pages   = "101—120"
}

@article{Boespflug,
    author  = "Boespflug M.",
    title   = "Rewinding the stack for parsing and pretty printing",
    year    = "2012",
    journal = "Unpublished",
    volume  = "",
    number  = "",
    pages   = ""
}

@article{Frost,
    author  = "Frost R.A. and Hafiz R. and Callaghan P",
    title   = "Parser Combinators for Ambiguous Left-Recursive Grammars",
    year    = "2008",
    journal = "PADL. LNCS",
    volume  = "4902",
    number  = "",
    pages   = "167--181"
}


@article{MatsudaPrew,
    author  = "Matsuda K. and Mu S. and Hu Z. and Takeichi M.",
    title   = "A Grammar-based Approach to Invertible Programs.",
    year    = "2010",
    journal = "ESOP 2010: 19th European Symposium on Programming",
    volume  = "",
    number  = "",
    pages   = "448—467"
}

@article{WadlerDeforest,
    author  = "Wadler P.",
    title   = "Deforestation: transforming programs to eliminate trees.",
    year    = "1990",
    journal = "2'nd European Symposium on Programming",
    volume  = "73",
    number  = "",
    pages   = "231-248"
}

@article{WadlerPrinter,
    author  = "Wadler P.",
    title   = "A prettier printer",
    year    = "2003",
    journal = "Gibbons,  J.,  de  Moor,  O.,  eds.:  The  Fun  of
Programming.",
    volume  = "",
    number  = "",
    pages   = "223--244"
}

@book{book:fourier,
  title      = {Ряды и интеграл Фурье: Теория поля. Аналитические и специальные функции. Преобразование Лапласа},
  author     = {Кожевников, Н.И. and Краснощекова, Т.И. and Шишкин, Н.Е.},
  lccn       = {66051327},
  series     = {Избранные главы высшей математики для инженеров и студентов втузов. Задачи и упражнения},
  url        = {http://books.google.ru/books?id=xvXuAAAAMAAJ},
  year       = {1964},
  publisher  = {Наука},
  eprint     = {http://books.google.ru/books?id=xvXuAAAAMAAJ},
  eprinttype = {Google Books}
}
@online{podkopaev:course,
  author       = "A.Подкопаев",
  title        = "Форматирование текста программ на основе комбинаторов, сопоставления с образцом и синтаксических шаблонов",
  howpublished = "Курсовая работа, кафедра системного программирования, математико-механический факультет СПбГУ",
  year         = 2013,
  url          = {goo.gl/VXyFzV},
  urldate      = "15.04.2015",
  eprint       = {goo.gl/VXyFzV},
  language     = "english"
}
@online{podkopaev:diploma,
  author       = "A.Подкопаев",
  title        = "Полиномиальной сложности оптимальные принтер-комбинаторы с выбором",
  howpublished = "Дипломная работа, кафедра системного программирования, математико-механический факультет СПбГУ",
  year         = 2014,
  url          = {http://se.math.spbu.ru/SE/diploma/2014/s/Podkopaev_Diploma.pdf},
  urldate      = "15.04.2015",
  eprint       = {http://se.math.spbu.ru/SE/diploma/2014/s/Podkopaev_Diploma.pdf},
  language     = "english"
}
@article{podkopaev:english,
    author  = "A.Рodkopaev and D.Boulytchev",
    title   = "Polynomial-Time Optimal Pretty-Printing Combinators with Choice",
    year    = "2015",
    journal = "Perspectives of System Informatics ",
    volume  = "8974",
    pages   = "257--265"
}
@book{artOfAgile,
  author    = "J.Shore",
  title     = "The Art of Agile Development",
  publisher = "O’Relly Media",
  year      = 2010,
  language  = "english"
}
@article{oppen,
    author  = "D.Oppen",
    title   = "Prettyprinting",
    year    = "1980",
    journal = "ACM Transactions on Programming Languages and Systems",
    volume  = "2",
    number  = "4",
    pages   = "465--483"
}