@online{FsLex,
    title        = "Сайт проекта FsLex",
    url          = {http://fsprojects.github.io/FsLexYacc/ }
}

@online{AlvorUrl,
    title        = "Сайт проекта Alvor",
    url          = { http://code.google.com/p/alvor/ }
}

@online{PHPSAUrl,
    title        = "Сайт проекта PHP String Analyzer",
    url          = { http://www.score.cs.tsukuba.ac.jp/~minamide/phpsa/ }
}

@online{JSAUrl,
    title        = "Сайт проекта Java String Analyzer",
    url          = { http://www.brics.dk/JSA/ }
}

@online{MONAUrl,
    title        = "Сайт проекта MONA",
    url          = { http://www.brics.dk/mona/ }
}

@online{YCUrl,
    title        = "Сайт проекта YaccConstructor",
    url          = { https://github.com/YaccConstructor/ }
}

@online{ReSharper,
      title        = "Сайт проекта ReSharper",
      url          = { https://www.jetbrains.com/resharper/ }
}

@online{QuickGraph,
      title        = "Сайт проекта QuickGraph",
      url          = { https://quickgraph.codeplex.com/ }
}

@online{Graphviz,
      title        = "Сайт проекта Graphviz",
      url          = { http://www.graphviz.org/ }
}

@article{MBDD,
    author  =   "Morten Biehl and Nils Klarlund and Theis Rauhe",
    title   =   "Algorithms for guided tree automata",
    organization = "In WIA",
    year = "1997",
    pages   =   "6--25"
}

@article{Polubelova,
    author  =   "Марина Полубелова",
    title   =   "Генератор абстрактных лексических анализаторов",
    journal =   "Курсовая работа кафедры системного программирования СПбГУ",
    year = "2014",
    url = {http://se.math.spbu.ru/SE/YearlyProjects/2014/YearlyProjects/2014/344/344-Polubelova-report.pdf}
}

@article{Verbitskaya,
    author  =   "Екатерина Вербицкая",
    title   =   "Абстрактный лексический анализ",
    journal =   "Курсовая работа кафедры системного программирования СПбГУ",
    year = "2013",
    url = {http://se.math.spbu.ru/SE/YearlyProjects/2013/YearlyProjects/2013/344/344-Verbitskaya-report.pdf}
}

@article{Doh,
    author  =   "Kyung-Goo Doh and Hyunha Kim and David A. Schmidt",
    title   =   "Abstract LR-Parsing",
    journal =   "Formal Modeling: Actors, Open Systems, Biological Systems 2011",
    pages   =   "90--109",
    year = "2011"
}

@conference{Alvor,
    author  =   "Aivar Annamaa and Andrey Breslav and Jevgeni Kabanov and Varmo Vene",
    title   =   "An Interactive Tool for Analyzing Embedded SQL Queries",
    organization = "Programming Languages and Systems",
    year = "2010",
    pages   =   "131--138",
    publisher = "Springer: Berlin"
}

@conference{JSA,
    author  =   "Aske Simon Christensen and Anders M{\o}ller and Michael I.Schwartzbach",
    title   =   "Precise Analysis of String Expressions",
    organization =   "Proc. 10th International Static Analysis Symposium (SAS)",
    month = "June",
    year = "2003",
    pages   =   "1--18",
    publisher = "Springer-Verlag: Berlin"
}

@conference{PHPSA,
    author  =   "Yasuhiko Minamide",
    title   =   "Static approximation of dynamically generated web pages",
    organization ="In Proceedings of the 14th International Conference on World Wide Web, WWW '05",
    year = "2005",
    pages   =   "432--441",
    publisher = "ACM"
}

@article{ReplaceFangYu,
    author  =   "Fang Yu and Muath Alkhalaf and Tevfik Bultan and Oscar H Ibarra",
    title   =   "Automata-based symbolic string analysis for vulnerability detection",
    organization = "Formal Methods in System Design",
    year = "2014",
    pages   =   "44--70",
    publisher = "Springer US"
}

@article{StrangerFangYu,
    author  =   "Fang Yu and Muath Alkhalaf and Tevfik Bultan",
    title   =   "Stranger: An automata-based string analysis tool for php",
    organization = "Tools and Algorithms for the Construction and Analysis of Systems",
    year = "2010",
    pages   =   "154--157",
    publisher = "Springer Berlin"
}


@article{AlgoFSA,
    author  =   "Pieter Hooimeijer and Margus Veanes",
    title   =   "An Evaluation of Automata Algorithms for String Analysis",
    organization = "VMCAI 2011",
    year = "2011",
    publisher = "Springer Verlag"
}

@article{Mohri,
    author = {Mehryar Mohri},
    title = {Finite-State Transducers in Language and Speech Processing},
    journal = {Computational Linguistics},
    year = {1997},
    volume = {23},
    pages = {269--311}
}

@conference{FST,
    author = {Thomas Hanneforth},
    title = {Finite-state Machines: Theory and Applications Unweighted Finite-state Automata},
    organization = {Institut fur Linguistik Universitat Potsdam}
    year = {2010},
}

@article{FSA,
    author = {Andrew M. Pitts},
    title = {Lecture Notes on Regular Languages and Finite Automata for Part IA of the Computer Science Tripos},
    institution = {Cambridge University Computer Laboratory},
    year = {2010},
}

@conference{LexerAdv,
    author = "Andrey Breslav and Aivar Annamaa and Varmo Vene",
    title = "Using abstract lexical analysis and parsing to detect errors in string-embedded DSL statements",
    organization = "Proceedings of the 22nd Nordic Workshop on Programming Theory",
    year = "2010",
    publisher = "TUCS General Publication",
    pages = "20--22"
}

@INPROCEEDINGS{Tellier06learningrecursive,
    author = {Isabelle Tellier},
    title = {Learning Recursive Automata from Positive Examples},
    booktitle = { New methods in machine learning},
    year = {2006},
    pages = {775-804},
    publisher = {Publications in conferences and workshops}
}

@ARTICLE{YC_article,
author  =   "Кириленко, Я.А and Григорьев, С.В. and Авдюхин Д.А.",
title   =   "Разработка синтаксических анализаторов в проектах по автоматизированному реинжинирингу информационных систем",
journal =   "Научно-технические ведомости Санкт-Петербургского государственного политехнического университета. Информатика. Телекоммуникации. Управление",
year    =   2013,
number  =   "174",
pages   =   "94 -- 98",
url     =   { http://ntv.spbstu.ru/telecom/article/T3.174.2013_11/ } 
}