@inproceedings{berezun,
 author = {Berezun, Daniil and Boulytchev, Dmitri},
 title = {Precise Garbage Collection for C++ with a Non-cooperative Compiler},
 booktitle = {Proceedings of the 10th Central and Eastern European Software Engineering Conference in Russia},
 series = {CEE-SECR '14},
 year = {2014},
 isbn = {978-1-4503-2889-0},
 location = {Moscow, Russia},
 articleno = {15},
 doi = {10.1145/2687233.2687244},
 acmid = {2687244},
 keywords = {C++, garbage collection, memory management, precise},
} 
[download]
@article{boehm1,
 author = {Boehm, Hans-Juergen and Weiser, Mark},
 title = {Garbage Collection in an Uncooperative Environment},
 journal = {Software: Practice and Experience. Vol. 18, no. 9},
 year = {1988},
 },
 @article{boehm2,
 author = {Boehm, Hans-J. and Demers, Alan J. and Shenker, Scott},
 title = {Mostly Parallel Garbage Collection},
 journal = {SIGPLAN Not.},
 issue_date = {June 1991},
 volume = {26},
 number = {6},
 month = may,
 year = {1991},
 issn = {0362-1340},
 doi = {10.1145/113446.113459},
 acmid = {113459},
}, 
@article{boehm3,
  author = {Boehm, Hans-Juergen},
  crossref = {conf/pldi/1993},
  editor = {Cartwright, Robert},
  ee = {http://doi.acm.org/10.1145/155090.155109},
  interhash = {4b86e4b7c6003c09dd6b35fad2bb996f},
  intrahash = {36986334733c37c293b9e847d71c54de},
  isbn = {0-89791-598-4},
  keywords = {dblp},
  publisher = {ACM},
  title = {Space Efficient Conservative Garbage Collection.},
  year = {1993}
},
@article{mcc1,
 author = {Joel F. Bartlett},
 title = {Mostly-Copying Garbage Collection Picks Up Generations and C++},
 journal = {Technical Report TN-12, DEC Western Research Laboratory},
 issue_date = {October 1989},
 year = {1989},
},
@techreport{mcc2,
   title = "Compacting garbage collection with ambiguous roots",
   author = "Bartlett, Joel F.",
   institution = "Digital (Palo Alto, CA US ; Cambridge, MA US). Systems research center",
   number = "WRL-RR-88-2",
   year = 1988
},

@article{pthreads, 
 author={}, 
 journal={IEEE Std. 1003.1c-1995}, 
 title={{Standard for Information Technology --- Portable Operating System Interface (POSIX) - System Application Program Interface (API) Amendment 2: Threads Extension (C Language)
}}, 
 year={1995}, 
},
@article{lisp-copy,
 author = {Fenichel, Robert R. and Yochelson, Jerome C.},
 title = {A LISP Garbage-collector for Virtual-memory Computer Systems},
 journal = {Commun. ACM},
 issue_date = {Nov. 1969},
 volume = {12},
 number = {11},
 month = nov,
 year = {1969},
 issn = {0001-0782},
 doi = {10.1145/363269.363280},
 acmid = {363280},
 publisher = {ACM},
 address = {New York, NY, USA},
 keywords = {LISP: garbage-collector, list-processing, storage-allocation, virtual memory},
},

@MISC{lisp,
    author = {John Mccarthy},
    title = {Recursive Functions of Symbolic Expressions and Their Computation by Machine, Part I},
    year = {1960}
}