@online{wiki:makulov,
  author       = "Р.Макулов",
  title        = "Архитектура интерпретатора для исполнения программ на языке PostScript в {JVM}",
  howpublished = "Труды лаборатории языковых инструментов. Выпуск 2. 2014. с. 259-275.",
%   year         = 2014,
  language     = "russian"
}
@online{wiki:pozdin,
  author       = "Д.Поздин",
  title        = "Реализация общей поддержки времени исполнения для интерпретатора языка {PostScript}",
  howpublished = "Труды лаборатории языковых инструментов. Выпуск 2. 2014. с. 276-296.",
%   year         = 2014,
  language     = "russian"
}
@online{wiki:gudiev,
  author       = "А.Гудиев",
  title        = "Реализация графической части интерпретатора языка PostScript",
  howpublished = "Труды лаборатории языковых инструментов. Выпуск 2. 2014. с. 297-312.",
%   year         = 2014,
  language     = "russian"
}
@online{wiki:plrm,
  author       = "Adobe Systems Incorporated",
  title        = "PostScript language reference third edition",
  howpublished = "https://www.adobe.com/products/postscript/pdfs/PLRM.pdf"
}
@online{wiki:swing,
  title        = "Creating a {GUI} with {JFC/Swing}. {Oracle} documentation",
  howpublished = "http://docs.oracle.com/javase/tutorial/uiswing/"
}
@online{wiki:qt,
  title        = "Qt Developer Resources: documentation, guides, forums",
  howpublished = "http://www.qt.io/developers/"
}
@online{wiki:ghostscript,
  title        = "Ghostscript an interpreter for the {PostScript} language and for {PDF}",
  howpublished = "http://www.ghostscript.com/"
}

		\bibitem{runtime}
		Дмитрий Поздин. Реализация общей поддержки времени исполнения для интерпретатора языка PostScript.// 
		
		\bibitem{graphic}
		Артур Гудиев.
		Реализация графической части интерпретатора языка PostScript.// 

		\bibitem{architecture}
		Рустам Макулов.
		Архитектура интерпретатора для исполнения программ на языке PostScript в JVM. // 
