@inproceedings{Alvor,
              author = {Annamaa, Aivar and Breslav, Andrey and Kabanov, Jevgeni and Vene, Varmo},
              title = {An Interactive Tool for Analyzing Embedded SQL Queries},
              booktitle = {Programming Languages and Systems},
              year = {2010},
              pages = {131--138},
}

@inproceedings{Alvor2,
               author = {Annamaa, Aivar and Breslav, Andrey and Vene, Varmo},
               title = {Using Abstract Lexical Analysis and Parsing to Detect Errors in String-Embedded DSL Statements},
               booktitle = {Proceedings of the 22nd Nordic Workshop on Programming Theory},
               year = {2010},
               pages = {20--22},
} 

@misc{DSQLISO,
      author    = {ISO. ISO/IEC 9075:1992},
      title     = {Information technology --- Database languages --- SQL},
      year      = {1992}
}

@book{JSP,
      author    = {Houglan, Damon and Tavistock, Aaron},
      title     = {Core JSP},
      publisher = {Prentice Hall PTR},
      year      = {2000},
      month     = {October},
}

@online{PHPmySQL,
      title = {PHP mySQL interface},
      url   = {http://php.net/manual/en/mysqli.query.php},
      urldate = {11.06.2015}
}

@MISC{SPPF,
      author = {Jan Rekers},
      title = {Parser Generation for Interactive Environments},
      year = {1992}
}

@inproceedings{LangInclusion,
         author = {Asveld, Peter R. J. and Nijholt, Anton},
         title = {The Inclusion Problem for Some Subclasses of Context-free Languages},
         journal = {Theor. Comput. Sci.},
         issue_date = {Jan. 2000},
         volume = {230},
         number = {1-2},
         month = {December},
         year = {1999},
         issn = {0304-3975},
         pages = {247--256},
         numpages = {10},
         doi = {10.1016/S0304-3975(99)00113-9},
         acmid = {323518},
         publisher = {Elsevier Science Publishers Ltd.},
         address = {Essex, UK},
} 

@article{Stranger,
 author = {Yu, Fang and Alkhalaf, Muath and Bultan, Tevfik and Ibarra, Oscar H.},
 title = {Automata-based Symbolic String Analysis for Vulnerability Detection},
 journal = {Form. Methods Syst. Des.},
 volume = {44},
 number = {1},
 year = {2014},
 issn = {0925-9856},
 pages = {44--70},
 numpages = {27},
 acmid = {2581966},
 publisher = {Kluwer Academic Publishers},
 address = {Hingham, MA, USA},
} 

@inproceedings{JSA,
               author = {Christensen, Aske Simon and M{\o}ller, Anders and Schwartzbach, Michael I.},
               title = {Precise Analysis of String Expressions},
               booktitle = {Proceedings of the 10th International Conference on Static Analysis},
               series = {SAS'03},
               year = {2003},
               isbn = {3-540-40325-6},
               location = {San Diego, CA, USA},
               pages = {1--18},
               numpages = {18},
               acmid = {1760269},
               publisher = {Springer-Verlag},
               address = {Berlin, Heidelberg},
} 

@incollection{AbstrParsing,
              year={2009},
              isbn={978-3-642-03236-3},
              booktitle={Static Analysis},
              volume={5673},
              series={Lecture Notes in Computer Science},
              doi={10.1007/978-3-642-03237-0_18},
              title={Abstract Parsing: Static Analysis of Dynamically Generated String Output Using LR-Parsing Technology},
              publisher={Springer Berlin Heidelberg},
              author={Doh, Kyung-Goo and Kim, Hyunha and Schmidt, David A.},
              pages={256-272},
              language={English}
}

@incollection{LRAbstrParsing,
              author = {Doh, Kyung-Goo and Kim, Hyunha and Schmidt, David A.},
              title = {Abstract LR-parsing},
              year = {2011},
              isbn = {978-3-642-24932-7},
              pages = {90--109},
              numpages = {20},
              acmid = {2074599},
              publisher = {Springer-Verlag},
              address = {Berlin, Heidelberg},
} 

@incollection{LRAbstrParsingSema,
              year={2013},
              isbn={978-3-642-38855-2},
              booktitle={Static Analysis},
              volume={7935},
              series={Lecture Notes in Computer Science},
              doi={10.1007/978-3-642-38856-9_12},
              title={Static Validation of Dynamically Generated HTML Documents Based on               Abstract Parsing and Semantic Processing},
              publisher={Springer Berlin Heidelberg},
              author={Doh, Kyung-Goo and Kim, Hyunha and Schmidt, David A.},
              pages={194-214},
              language={English}
}

@inproceedings{AbstractInterpretation,
               author =    {Cousot, Patrick and Cousot, Radhia},
               title =     {Abstract interpretation: a unified lattice model for static analysis of programs by construction or approximation of fixpoints},
               pages =     {238--252},
               booktitle = {Conference Record of the Fourth Annual ACM SIGPLAN-SIGACT Symposium on Principles of Programming Languages},
               address =   {Los Angeles, California},
               publisher = {ACM Press, New York, NY},
               year =      1977,
}

@inproceedings{Tomita,
               author = {Tomita, Masaru},
               title = {An Efficient Context-free Parsing Algorithm for Natural Languages},
               booktitle = {Proceedings of the 9th International Joint Conference on Artificial Intelligence - Volume 2},
               series = {IJCAI'85},
               year = {1985},
               isbn = {0-934613-02-8, 978-0-934-61302-6},
               location = {Los Angeles, California},
               pages = {756--764},
               numpages = {9},
               acmid = {1623625},
               publisher = {Morgan Kaufmann Publishers Inc.},
               address = {San Francisco, CA, USA},
} 

@inproceedings{SECR13,
 author = {Grigorev, Semen and Kirilenko, Iakov},
 title = {GLR-based Abstract Parsing},
 booktitle = {Proceedings of the 9th Central \&\#38; Eastern European Software Engineering Conference in Russia},
 series = {CEE-SECR '13},
 year = {2013},
 isbn = {978-1-4503-2641-4},
 location = {Moscow, Russia},
 pages = {5:1--5:9},
 articleno = {5},
 numpages = {9},
 doi = {10.1145/2556610.2556616},
 acmid = {2556616},
 publisher = {ACM},
 address = {New York, NY, USA},
 keywords = {GLR, RNGLR, abstract parsing, abstract translation, dynamic SQL, embedded languages, injected languages, parsing, string-embedded languages, two-staged languages},
} 

@inproceedings{SECR14,
 author = {Grigorev, Semen and Verbitskaia, Ekaterina and Ivanov, Andrei and Polubelova, Marina and Mavchun, Ekaterina},
 title = {String-embedded Language Support in Integrated Development Environment},
 booktitle = {Proceedings of the 10th Central and Eastern European Software Engineering Conference in Russia},
 series = {CEE-SECR '14},
 year = {2014},
 isbn = {978-1-4503-2889-0},
 location = {Moscow, Russia},
 pages = {21:1--21:11},
 articleno = {21},
 numpages = {11},
 doi = {10.1145/2687233.2687247},
 acmid = {2687247},
 publisher = {ACM},
 address = {New York, NY, USA},
 keywords = {Dynamic SQL, IDE, abstract parsing, integrated development environment, lexer generator, parser generator, parsing, string-embedded language},
} 

@article{YC,
 author = {Kirilenko, Iakov and Grigorev, Semen and Avdiukhin, Dmitriy },
 title = {Syntax Analyzers Development in Automated Reengineering of Informational System},
 journal = {St. Petersburg State Polytechnical University Journal. Computer Science. Telecommunications and Control Systems},
 issue_date = {Juny 2006},
 volume = {174},
 number = {3},
 year = {2013},
 pages = {94--98},
 numpages = {4},
 publisher = {IEEE Computer Society}
} 

@book{FSharp,
author = {Syme, Don and Granicz, Adam and Cisternino, Antonio},
title = {Expert F\# (Expert's Voice in .Net)},
isbn = {1590598504, 9781590598504},
}