@book{book:fourier,
  title      = {Ряды и интеграл Фурье: Теория поля. Аналитические и специальные функции. Преобразование Лапласа},
  author     = {Кожевников, Н.И. and Краснощекова, Т.И. and Шишкин, Н.Е.},
  lccn       = {66051327},
  series     = {Избранные главы высшей математики для инженеров и студентов втузов. Задачи и упражнения},
  url        = {http://books.google.ru/books?id=xvXuAAAAMAAJ},
  year       = {1964},
  publisher  = {Наука},
  eprint     = {http://books.google.ru/books?id=xvXuAAAAMAAJ},
  eprinttype = {Google Books}
}
@online{wiki:lcd,
  author       = "Wikipedia",
  title        = "Наибольший общий делитель",
  howpublished = "Википедия, свободная энциклопедия",
  year         = 2012,
  url          = {http://goo.gl/1eEF3},
  urldate      = "08.04.2013",
  eprint       = "http://goo.gl/1eEF3",
  language     = "russian"
}

@online{wiki:lcd,
  language     = "russian",
  author       = "Wikipedia",
  title        = "Наибольший общий делитель",
  howpublished = "Википедия, свободная энциклопедия",
  year         = 2012,
  url          = {http://goo.gl/1eEF3},
  urldate      = "21.05.2015",
}

% http://strategoxt.org
@online{podkopaev:diploma,
  language     = "russian",
  author       = "Подкопаев, А.В.",
  title        = "Полиномиальной сложности оптимальные принтер-комбинаторы с выбором",
  howpublished = "Дипломная работа, кафедра системного программирования, математико-механический факультет СПбГУ",
  year         = 2014,
  url          = {http://se.math.spbu.ru/SE/diploma/2014/s/Podkopaev_Diploma.pdf},
  urldate      = "26.05.2015"
  %eprint       = {http://se.math.spbu.ru/SE/diploma/2014/s/Podkopaev\_Diploma.pdf},
}

@online{stratego:xt,
  language     = "russian",
  author       = "Stratego/XT",
  title        = "Документация",
  howpublished = "Stratego/XT",
  year         = 2015,
  url          = {http://strategoxt.org/Stratego/StrategoDocumentation},
  urldate      = "26.05.2015"
  %eprint       = "http://goo.gl/1eEF3",
}

@online{intellij:plugdev,
  language     = "russian",
  author       = "JetBrains",
  title        = "Документация",
  howpublished = "IntelliJ IDEA",
  year         = 2015,
  url          = {https://confluence.jetbrains.com/display/IDEADEV/PluginDevelopment},
  urldate      = "26.05.2015",
}
