@inproceedings{JSA,
  author =       {Christensen, A. S. and M{\o}ller, A. and Schwartzbach, M. I.},
  title =        {Precise Analysis of String Expressions},
  booktitle =    {Proc. 10th International Static Analysis Symposium (SAS)},
  year =         {2003},
  volume =       {2694},
  series =       {LNCS},
  publisher =    {Springer-Verlag},
  pages =        {1--18},
}

@online{JSAUrl,
    title        = "Java String Analyzer [Электронный ресурс]",
    url          = { http://www.brics.dk/JSA/ },
    urldate = {18.05.2016},
      language = "russian",
}

@inproceedings{PHPSA,
 author = {Minamide, Y.},
 title = {Static Approximation of Dynamically Generated Web Pages},
 booktitle = {Proceedings of the 14th International Conference on World Wide Web},
 series = {WWW '05},
 year = {2005},
 isbn = {1-59593-046-9},
 location = {Chiba, Japan},
 pages = {432--441},
 numpages = {10},
 doi = {10.1145/1060745.1060809},
 acmid = {1060809},
 publisher = {ACM},
 address = {New York, NY, USA},
 keywords = {HTML validation, context-free grammars, cross-site scripting, server-side scripting, static analysis},
}

@inproceedings{Alvor1,
 author = {Annamaa, A. and Breslav, A. and Kabanov, J. and Vene, V.},
 title = {An Interactive Tool for Analyzing Embedded SQL Queries},
 booktitle = {Proceedings of the 8th Asian Conference on Programming Languages and Systems},
 series = {APLAS'10},
 year = {2010},
 isbn = {3-642-17163-X, 978-3-642-17163-5},
 location = {Shanghai, China},
 pages = {131--138},
 numpages = {8},
 acmid = {1947886},
 publisher = {Springer-Verlag},
 address = {Berlin, Heidelberg},
}

@inproceedings{Alvor2,
               author = {Annamaa, A. and Breslav, A. and Vene, V.},
               title = {Using Abstract Lexical Analysis and Parsing to Detect Errors in String-Embedded DSL Statements},
               booktitle = {Proceedings of the 22nd Nordic Workshop on Programming Theory},
               year = {2010},
               pages = {20--22},
} 

@online{AlvorUrl,
    title        = "Alvor [Электронный ресурс]",
    url          = { https://bitbucket.org/plas/alvor },
    urldate = {18.05.2016},
      language = "russian",
}

@online{IntelliLang,
      title        = "IntelliLang [Электронный ресурс]",
      url          = { https://www.jetbrains.com/idea/help/intellilang.html },
      urldate = {18.05.2016},
      language = "russian",
}

@online{PHPStorm,
      title        = "PHPStorm IDE [Электронный ресурс]",
      url          = { https://www.jetbrains.com/phpstorm/ },
      urldate = {18.05.2016},
      language = "russian",
}

@inproceedings{Varis,
    author = {Nguyen, H. V. and K{\"a}stner, C. and Nguyen, T. N.},
    title = {Varis: IDE Support for Embedded Client Code in PHP Web Applications},
    booktitle = {Proceedings of the 37th International Conference on Software Engineering (ICSE)},
    year = {2015},
    note = {Formal Demonstration paper},
    publisher = {ACM Press},
    address = {New York, NY},
}

@book{FSharp,
author = {Syme, Don and Granicz, Adam and Cisternino, Antonio},
title = {Expert F\# (Expert's Voice in .Net)},
isbn = {1590598504, 9781590598504},
}

@article{YC,
 author = {Kirilenko, I. and Grigorev, S. and Avdiukhin, D. },
 title = {Syntax Analyzers Development in Automated Reengineering of Informational System},
 journal = {St. Petersburg State Polytechnical University Journal. Computer Science. Telecommunications and Control Systems},
 issue_date = {Juny 2006},
 volume = {174},
 number = {3},
 year = {2013},
 pages = {94--98},
 numpages = {4},
 publisher = {IEEE Computer Society}
} 

@inproceedings{ARNGLR,
 author = {Verbitskaia, E. and Grigorev, S. and Avdyukhin, D.},
 title = {Relaxed Parsing of Regular Approximations of String-Embedded Languages},
 booktitle = {Preliminary Proceedings of the PSI 2015: 10th International Andrei Ershov Memorial Conference},
 series = {PSI'15},
 year = {2015},
 location = {Kazan, Russia},
 pages = {1--12},
 numpages = {12},
}

@unpublished{YCregapprox,
 author = {Khabibullin, M. and Ivanov, A. and Grigorev, S.},
 title = {On Development of Static Analysis Tools for String-Embedded Languages},
 year = {2015},
 url   = {https://github.com/YaccConstructor/articles/blob/master/2015/SECR/paper/Main.pdf},
 urldate = {18.05.2016}
}

@inproceedings{LangInclusion,
         author = {Asveld, P. R. J. and Nijholt, A.},
         title = {The Inclusion Problem for Some Subclasses of Context-free Languages},
         journal = {Theor. Comput. Sci.},
         issue_date = {Jan. 2000},
         volume = {230},
         number = {1-2},
         month = {December},
         year = {1999},
         issn = {0304-3975},
         pages = {247--256},
         numpages = {10},
         doi = {10.1016/S0304-3975(99)00113-9},
         acmid = {323518},
         publisher = {Elsevier Science Publishers Ltd.},
         address = {Essex, UK},
}

@inproceedings{Tomita,
               author = {Tomita, M.},
               title = {An Efficient Context-free Parsing Algorithm for Natural Languages},
               booktitle = {Proceedings of the 9th International Joint Conference on Artificial Intelligence - Volume 2},
               series = {IJCAI'85},
               year = {1985},
               isbn = {0-934613-02-8, 978-0-934-61302-6},
               location = {Los Angeles, California},
               pages = {756--764},
               numpages = {9},
               acmid = {1623625},
               publisher = {Morgan Kaufmann Publishers Inc.},
               address = {San Francisco, CA, USA},
}

@MISC{SPPF,
      author = {J. Rekers},
      title = {Parser Generation for Interactive Environments},
      year = {1992}
}

@article{RNGLR,
 author = {Scott, E. and Johnstone, A.},
 title = {Right Nulled GLR Parsers},
 journal = {ACM Trans. Program. Lang. Syst.},
 volume = {28},
 number = {4},
 year = {2006},
 issn = {0164-0925},
 pages = {577--618},
 numpages = {42},
 doi = {10.1145/1146809.1146810},
 acmid = {1146810},
 publisher = {ACM},
 address = {New York, NY, USA},
 keywords = {General context-free grammars, generalized LR parsing}
}

@phdthesis{SemonPHD,
    author = {Григорьев, C. В.},
    title = {Синтаксический анализ динамически формируемых программ},
    year = {2015},
    school={Санкт-Петербургский государственный университет},
    language = {russian}
}

@masterthesis{EkaterinaMaster,
    author  =   {Вербицкая, Е. А.},
    title   =   {Синтаксический анализ регулярных множеств},
    year = {2015},
    school={Санкт-Петербургский государственный университет},
    language = {russian}
}

@book{Grune,
 author = {Dick, G. and Ceriel, H.},
 title = {Parsing Techniques: A Practical Guide},
 year = {1990},
 isbn = {0-13-651431-6},
 publisher = {Ellis Horwood},
 address = {Upper Saddle River, NJ, USA}
}

@article{RegOverApprox,
 author = {Yu, F. and Alkhalaf, M. and Bultan, T. and Ibarra, O. H. },
 title = {Automata-based Symbolic String Analysis for Vulnerability Detection},
 journal = {Form. Methods Syst. Des.},
 volume = {44},
 number = {1},
 year = {2014},
 issn = {0925-9856},
 pages = {44--70},
 numpages = {27},
 doi = {10.1007/s10703-013-0189-1},
 acmid = {2581966},
 publisher = {Kluwer Academic Publishers},
 address = {Hingham, MA, USA},
 keywords = {Automated verification, String analysis, Vulnerability analysis, Web application security},
}
