@book{book:fourier,
  title      = {Ряды и интеграл Фурье: Теория поля. Аналитические и специальные функции. Преобразование Лапласа},
  author     = {Кожевников, Н.И. and Краснощекова, Т.И. and Шишкин, Н.Е.},
  lccn       = {66051327},
  series     = {Избранные главы высшей математики для инженеров и студентов втузов. Задачи и упражнения},
  url        = {http://books.google.ru/books?id=xvXuAAAAMAAJ},
  year       = {1964},
  publisher  = {Наука},
  eprint     = {http://books.google.ru/books?id=xvXuAAAAMAAJ},
  eprinttype = {Google Books}
}
@online{podkopaev:course,
  author       = "A.Подкопаев",
  title        = "Форматирование текста программ на основе комбинаторов, сопоставления с образцом и синтаксических шаблонов",
  howpublished = "Курсовая работа, кафедра системного программирования, математико-механический факультет СПбГУ",
  year         = 2013,
  url          = {goo.gl/VXyFzV},
  urldate      = "15.04.2015",
  eprint       = {goo.gl/VXyFzV},
  language     = "english"
}
@online{podkopaev:diploma,
  author       = "A.Подкопаев",
  title        = "Полиномиальной сложности оптимальные принтер-комбинаторы с выбором",
  howpublished = "Дипломная работа, кафедра системного программирования, математико-механический факультет СПбГУ",
  year         = 2014,
  url          = {http://se.math.spbu.ru/SE/diploma/2014/s/Podkopaev_Diploma.pdf},
  urldate      = "15.04.2015",
  eprint       = {http://se.math.spbu.ru/SE/diploma/2014/s/Podkopaev_Diploma.pdf},
  language     = "english"
}
@article{podkopaev:english,
    author  = "A.Рodkopaev and D.Boulytchev",
    title   = "Polynomial-Time Optimal Pretty-Printing Combinators with Choice",
    year    = "2015",
    journal = "Perspectives of System Informatics ",
    volume  = "8974",
    pages   = "257--265"
}
@article{indentation,
    author  = "",
    title   = "R.J.Miara, J.A.Musselman, J.A.Navarro, B.Shneiderman. Program Indentation and Comprehensibility",
    year    = "1983",
    journal = "Communications of the ACM",
    volume  = "26",
    number  = "11",
    pages   = "861--867"
}
@book{artOfAgile,
  author    = "J.Shore",
  title     = "The Art of Agile Development",
  publisher = "O’Relly Media",
  year      = 2010,
  language  = "english"
}
@article{oppen,
    author  = "D.Oppen",
    title   = "Prettyprinting",
    year    = "1980",
    journal = "ACM Transactions on Programming Languages and Systems",
    volume  = "2",
    number  = "4",
    pages   = "465--483"
}
@article{oppenlike:rose,
    author  = "G.A.Rose and J.Welsh",
    title   = " Formatted Programming Languages",
    year    = "1981",
    journal = "Software—practice and experience",
    volume  = "11",
    pages   = "651--669"
}
@article{oppenlike:mikelsons,
    author  = "M.Mikelsons",
    title   = "Prettyprinting in an interactive programming environment",
    year    = "1981",
    journal = "SIGPLAN Notices",
    volume  = "16",
    number  = "6",
    pages   = "108--116"
}
@article{oppenlike:rubin,
    author  = " L.F.Rubin",
    title   = "Syntax-Directed Pretty Printing – A First Step Towards a Syntax-Directed Editor",
    year    = "1983",
    journal = " IEEE Transactions on Software Engineering",
    volume  = "SE-9",
    pages   = "119--127"
}
@article{oppenlike:morcos,
    author  = "E.Morcos-Chounet and A.Conchon",
    title   = "PPML: a general formalism to specify prettyprinting",
    year    = "1986",
    journal = "In H.-J. Kugler, editor, Information Processing",
    number  = "86",
    pages   = "583--590"
}
@article{oppenlike:brand,
    author  = "M.G.J.Brand and E.Visser",
    title   = "Generation of formatters for context-free languages",
    year    = "1996",
    journal = "ACM Transactions on Software Engineering and Methodology",
    volume  = "5",
    number  = "1",
    pages   = "1--41"
}
@article{oppenfunc:hughes,
    author  = "J.Hughes",
    title   = "The design of a pretty-printing library",
    year    = "1995",
    journal = "Advanced Functional Programming",
    volume  = "925",
    pages   = "53--96"
}
@online{oppenfunc:swierstra,
  author       = "P.Azero and S.D.Swierstra",
  title        = "Optimal Pretty-Printing Combinators",
  year         = "1998",
  url          = "http://www.cs.ruu.nl/groups/ST/Software/PP",
  urldate      = "15.04.2015",
  eprint       = "http://www.cs.ruu.nl/groups/ST/Software/PP",
  language     = "english"
}
@book{oppenfunc:wadler,
  author    = "P.Wadler",
  title     = "A Prettier Printer",
  publisher = "The Fun of Programming. Palgrave MacMillan",
  year      = 2003,
  language  = "english"
}
@book{box:knuth,
  author    = "D.E.Knuth",
  title     = "TEX and METAFONT: new directions in typesetting",
  publisher = "Digital Press and the American Mathematical Society",
  year      = 1979,
  language  = "english"
}
@article{jokinen,
    author  = "M.O.Jokinen",
    title   = "A Language-independent Prettyprinter",
    year    = "1989",
    journal = "Software—practice and experience",
    volume  = "19"
    number  = "9",
    pages   = "839--856"
}
@article{boulton,
    author  = "R.J.Boulton",
    title   = "SYN: A single language for specifying abstract syntax trees, lexical analysis, parsing and pretty-printing",
    year    = "1996",
    journal = "Technical report, Computer laboratory, University of Cambridge"
}
@book{jonge,
    author  = "M.Jonge",
    title   = "A Pretty-Printer for Every Occasion",
    year    = "2001",
    publisher = "CWI (Centre for Mathematics and Computer Science)",
    language = english
}
@article{jackson,
    author  = "S.Jackson",
    title   = "Stable, Flexible, Peephole Pretty-Printing",
    volume  = "72",
    number  = "1-2",
    year    = "2008",
    journal = "Science of Computer Programming"
    pages   = "40--51"
}
@article{blaschek,
    author = "G.Blaschek and J.Sametinger",
    title = "User-adaptable prettyprinting",
    journal = "Software—Practice & Experience",
    year = "1989",
    number = "19"
}